<record><leader>00000cas a22000007a 4500</leader><controlfield tag="001">13318274</controlfield><controlfield tag="008">860320d18821884pauwr ne      0    0eng d</controlfield><datafield ind1=" " ind2=" " tag="010"><subfield code="a">sn 86081199 </subfield></datafield><datafield ind1=" " ind2=" " tag="040"><subfield code="a">NPH</subfield><subfield code="b">eng</subfield><subfield code="c">NPH</subfield><subfield code="d">OCLCQ</subfield></datafield><datafield ind1=" " ind2=" " tag="042"><subfield code="a">msc</subfield></datafield><datafield ind1="0" ind2="0" tag="245"><subfield code="a">West Branch star.</subfield></datafield><datafield ind1="1" ind2="3" tag="246"><subfield code="a">Record and star</subfield></datafield><datafield ind1=" " ind2=" " tag="260"><subfield code="a">Watsontown, Northumberland Co., Pa. :</subfield><subfield code="b">Fosnot and Burr,</subfield><subfield code="c">-1884.</subfield></datafield><datafield ind1=" " ind2=" " tag="300"><subfield code="a">v. ;</subfield><subfield code="c">51 cm.</subfield></datafield><datafield ind1=" " ind2=" " tag="310"><subfield code="a">Weekly</subfield></datafield><datafield ind1="1" ind2=" " tag="362"><subfield code="a">Began with Apr. 1, 1882 issue.</subfield><subfield code="z">Cf. Bell, H. History of Northumberland County, Pa.</subfield></datafield><datafield ind1="0" ind2=" " tag="362"><subfield code="a">-record v. 14, no. 38 (Jan. 5, 1884).</subfield></datafield><datafield ind1=" " ind2=" " tag="515"><subfield code="a">Also carries designation: Star vol. &lt;2&gt;.</subfield></datafield><datafield ind1=" " ind2=" " tag="588"><subfield code="a">Description based on: Record vol. 14, no. 38 (Jan. 5, 1844).</subfield></datafield><datafield ind1=" " ind2=" " tag="752"><subfield code="a">United States</subfield><subfield code="b">Pennsylvania</subfield><subfield code="c">Northumberland</subfield><subfield code="d">Watsontown.</subfield></datafield><datafield ind1="0" ind2="7" tag="785"><subfield code="t">Watsontown record</subfield><subfield code="w">(DLC)sn 84026593</subfield></datafield><datafield ind1="0" ind2="7" tag="785"><subfield code="t">Record and star</subfield><subfield code="w">(DLC)sn 86081200</subfield></datafield><datafield ind1="1" ind2=" " tag="029"><subfield code="a">AU@</subfield><subfield code="b">000023602704</subfield></datafield></record>